<?xml version="1.0" encoding="UTF-8"?><record xmlns="http://www.loc.gov/MARC21/slim" xmlns:cinclude="http://apache.org/cocoon/include/1.0" xmlns:zs="http://www.loc.gov/zing/srw/">
  <leader>00308nz  a2200121n  4500</leader>
  <controlfield tag="001">nr 93037932 </controlfield>
  <controlfield tag="003">DLC</controlfield>
  <controlfield tag="005">19940511053256.7</controlfield>
  <controlfield tag="008">930922n| acannaab|          |n aaa     c</controlfield>
  <datafield tag="010" ind1=" " ind2=" ">
    <subfield code="a">nr 93037932 </subfield>
  </datafield>
  <datafield tag="040" ind1=" " ind2=" ">
    <subfield code="a">CSt</subfield>
    <subfield code="c">CSt</subfield>
  </datafield>
  <datafield tag="100" ind1="1" ind2="0">
    <subfield code="a">Borowski, Birgit</subfield>
  </datafield>
  <datafield tag="670" ind1=" " ind2=" ">
    <subfield code="a">Baedeker's Gran Canaria, c1991:</subfield>
    <subfield code="b">t.p. (Birgit Borowski)</subfield>
  </datafield>
</record>